gianna@MacBook-Pro-de-Luis.local.36469