@article{Einstein1905,
  author = {Einstein, Albert},
  title = {Zur Elektrodynamik bewegter Korper},
  journal = {Annalen der Physik},
  volume = {322},
  number = {10},
  pages = {891-921},
  year = {1905},
  publisher = {Wiley-VCH},
  doi = {10.1002/andp.19053221004}
}

@article{Smith2020,
  author = {Smith, John and Johnson, Sarah},
  title = {The Importance of References},
  journal = {Journal of Research},
  volume = {15},
  number = {2},
  pages = {45-60},
  year = {2020},
  doi = {10.1234/jr.2020.123456}
}

@book{Doe2018,
  author = {Doe, Jane},
  title = {The Art of Writing},
  edition = {2nd},
  publisher = {XYZ Publishers},
  year = {2018},
  isbn = {978-1-234567-89-0}
}

@inproceedings{Brown2021,
  author = {Brown, David},
  title = {LaTeX for Beginners},
  booktitle = {Proceedings of the Conference on Technical Writing},
  year = {2021},
  pages = {120-130},
  publisher = {ABC Publishing}
}
